
@book{IMO24,
    author = {Nielz Lauritzen},
    title = {Introduction to Mathematics and Optimization},
    publisher = {Aarhus University},
    year = {2024}
}