
@book{IMO24,
    author = {Nielz Lauritzen},
    title = {Introduction to Mathematics and Optimization},
    publisher = {Aarhus University},
    year = {2024}
}

@book{STAT,
    author = {Hossein Pishro-Nik},
    title = {Introduction to Probability ,Statistics and Random Processes},
    publisher = {Kappa Research, LLC},
    year = {2014}
}
